<?xml version="1.0" encoding="UTF-8"?><collection xmlns="http://www.loc.gov/MARC21/slim"><record><leader>00427nam--2200121-i-4500</leader><controlfield tag="001">000025614</controlfield><controlfield tag="002">20161230</controlfield><controlfield tag="005">20161230201036</controlfield><controlfield tag="008">060222s1000------------r-----000-0-eng-d</controlfield><datafield ind1=" " ind2=" " tag="245"><subfield code="a">Xxiiird international congress of pure and applied chemistry. special lectures presented at boston, usa, 26-30 july 1971</subfield></datafield><datafield ind1=" " ind2=" " tag="260"><subfield code="a">London, Butterworths, 1971, V + 131p</subfield></datafield><datafield ind1=" " ind2=" " tag="490"><subfield code="a">International Union Of Pure And Applied Chemistry</subfield></datafield><datafield ind1=" " ind2=" " tag="852"><subfield code="a">36503</subfield></datafield></record></collection>